%%%%%%%%%%%%%%%%%%%%%%%%%%%%%%%%%%%%%%%%%%%%%%%%%%%%%%%%%%%%%%%%%%%%%%%%%%%%%%%% IN ORDER OF APPEARANCE
@article{drug_discovery_2014,
	title = {Computational methods in drug discovery},
	volume = {66},
	copyright = {Copyright © 2013 by The American Society for Pharmacology and Experimental Therapeutics},
	issn = {0031-6997, 1521-0081},
	url = {https://pharmrev.aspetjournals.org/content/66/1/334},
	doi = {10.1124/pr.112.007336},
	language = {en},
	number = {1},
	urldate = {2023-10-02},
	journal = {Pharmacological Reviews},
	author = {Sliwoski, Gregory and Kothiwale, Sandeepkumar and Meiler, Jens and Lowe, Edward W.},
	editor = {Barker, Eric L.},
	month = jan,
	year = {2014},
	pmid = {24381236},
	pages = {334--395},
}
@article{structure_based_2019,
	title = {A structure-based drug discovery paradigm},
	volume = {20},
	issn = {1422-0067},
	url = {https://www.ncbi.nlm.nih.gov/pmc/articles/PMC6601033/},
	doi = {10.3390/ijms20112783},
	number = {11},
	urldate = {2023-10-02},
	journal = {International Journal of Molecular Sciences},
	author = {Batool, Maria and Ahmad, Bilal and Choi, Sangdun},
	month = jun,
	year = {2019},
	pmid = {31174387},
	pmcid = {PMC6601033},
	pages = {2783},
}
@article{rna_targets_2022,
	title = {Targeting {RNA} structures with small molecules},
	volume = {21},
	copyright = {2022 Springer Nature Limited},
	issn = {1474-1784},
	url = {https://www.nature.com/articles/s41573-022-00521-4},
	doi = {10.1038/s41573-022-00521-4},
	language = {en},
	number = {10},
	urldate = {2023-10-02},
	journal = {Nature Reviews Drug Discovery},
	author = {Childs-Disney, Jessica L. and Yang, Xueyi and Gibaut, Quentin M. R. and Tong, Yuquan and Batey, Robert T. and Disney, Matthew D.},
	month = oct,
	year = {2022},
	keywords = {Drug screening, RNA},
	pages = {736--762},
}
@article{pharmacophore_and_VS_2022,
	title = {Drug design by pharmacophore and virtual screening approach},
	volume = {15},
	issn = {1424-8247},
	url = {https://www.ncbi.nlm.nih.gov/pmc/articles/PMC9145410/},
	doi = {10.3390/ph15050646},
	number = {5},
	urldate = {2023-10-02},
	journal = {Pharmaceuticals},
	author = {Giordano, Deborah and Biancaniello, Carmen and Argenio, Maria Antonia and Facchiano, Angelo},
	month = may,
	year = {2022},
	pmid = {35631472},
	pmcid = {PMC9145410},
	pages = {646},
}
@article{virtual_screening_2019,
	title = {The light and dark sides of virtual screening: what is there to know?},
	volume = {20},
	issn = {1422-0067},
	shorttitle = {The light and dark sides of virtual screening},
	url = {https://www.ncbi.nlm.nih.gov/pmc/articles/PMC6470506/},
	doi = {10.3390/ijms20061375},
	number = {6},
	urldate = {2023-10-02},
	journal = {International Journal of Molecular Sciences},
	author = {Gimeno, Aleix and Ojeda-Montes, María José and Tomás-Hernández, Sarah and Cereto-Massagué, Adrià and Beltrán-Debón, Raúl and Mulero, Miquel and Pujadas, Gerard and Garcia-Vallvé, Santiago},
	month = mar,
	year = {2019},
	pmid = {30893780},
	pmcid = {PMC6470506},
	pages = {1375},
}
@article{virtual_screening_2013,
	title = {Virtual screening strategies in drug discovery: a critical review},
	volume = {20},
	issn = {1875-533X},
	shorttitle = {Virtual screening strategies in drug discovery},
	doi = {10.2174/09298673113209990001},
	language = {eng},
	number = {23},
	journal = {Current Medicinal Chemistry},
	author = {Lavecchia, A. and Di Giovanni, C.},
	year = {2013},
	pmid = {23651302},
	keywords = {Drug Discovery, Drug Evaluation, Preclinical, Genomics, Humans, Ligands, Proteins},
	pages = {2839--2860},
}
@incollection{pharmacophore_modeling_2022,
	title = {Chapter 17 - {Pharmacophore} modeling and its applications},
	isbn = {9780323897754},
	url = {https://www.sciencedirect.com/science/article/pii/B9780323897754000092},
	urldate = {2023-10-02},
	booktitle = {Bioinformatics},
	publisher = {Academic Press},
	author = {Tyagi, Rashmi and Singh, Amisha and Chaudhary, Kamal Kumar and Yadav, Manoj Kumar},
	editor = {Singh, Dev Bukhsh and Pathak, Rajesh Kumar},
	month = jan,
	year = {2022},
	doi = {10.1016/B978-0-323-89775-4.00009-2},
	keywords = {Pharmacophore, drug design, virtual screening, machine learning, descriptors, drug designing, QSAR, ADMET},
	pages = {269--289},
}

%%%%%%%%%%%%%%%%%%%%%%%%%%%%%%%%%%%%%%%%%%%%%%%%%%%%%%%%%%%%%%%%%%%%%%%%%%%%%%%% WILL USE LATER
@article{hariboss,
	title = {{HARIBOSS}: a curated database of {RNA}-small molecules structures to aid rational drug design},
	volume = {38},
	issn = {1367-4803, 1367-4811},
	shorttitle = {Hariboss},
	url = {https://academic.oup.com/bioinformatics/article/38/17/4185/6633309},
	doi = {10.1093/bioinformatics/btac483},
	language = {en},
	number = {17},
	urldate = {2023-09-28},
	journal = {Bioinformatics},
	author = {Panei, F P and Torchet, R and Ménager, H and Gkeka, P and Bonomi, M},
	editor = {Robinson, Peter},
	month = sep,
	year = {2022},
	pages = {4185--4193},
}
