%%%%%%%%%%%%%%%%%%%%%%%%%%%%%%%%%%%%%%%%%%%%%%%%%%%%%%%%%%%%%%%%%%%%%%%%%%%%%%%% INTRO) Computer-aided Drug Discovery and Design
@article{drug_discovery_2014,
	title = {Computational methods in drug discovery},
	volume = {66},
	copyright = {Copyright © 2013 by The American Society for Pharmacology and Experimental Therapeutics},
	issn = {0031-6997, 1521-0081},
	url = {https://pharmrev.aspetjournals.org/content/66/1/334},
	doi = {10.1124/pr.112.007336},
	language = {en},
	number = {1},
	urldate = {2023-10-02},
	journal = {Pharmacological Reviews},
	author = {Sliwoski, Gregory and Kothiwale, Sandeepkumar and Meiler, Jens and Lowe, Edward W.},
	editor = {Barker, Eric L.},
	month = jan,
	year = {2014},
	pmid = {24381236},
	pages = {334--395},
}
@article{structure_based_2019,
	title = {A structure-based drug discovery paradigm},
	volume = {20},
	issn = {1422-0067},
	url = {https://www.ncbi.nlm.nih.gov/pmc/articles/PMC6601033/},
	doi = {10.3390/ijms20112783},
	number = {11},
	urldate = {2023-10-02},
	journal = {International Journal of Molecular Sciences},
	author = {Batool, Maria and Ahmad, Bilal and Choi, Sangdun},
	month = jun,
	year = {2019},
	pmid = {31174387},
	pmcid = {PMC6601033},
	pages = {2783},
}
@article{rna_targets_2022,
	title = {Targeting {RNA} structures with small molecules},
	volume = {21},
	copyright = {2022 Springer Nature Limited},
	issn = {1474-1784},
	url = {https://www.nature.com/articles/s41573-022-00521-4},
	doi = {10.1038/s41573-022-00521-4},
	language = {en},
	number = {10},
	urldate = {2023-10-02},
	journal = {Nature Reviews Drug Discovery},
	author = {Childs-Disney, Jessica L. and Yang, Xueyi and Gibaut, Quentin M. R. and Tong, Yuquan and Batey, Robert T. and Disney, Matthew D.},
	month = oct,
	year = {2022},
	keywords = {Drug screening, RNA},
	pages = {736--762},
}
@article{pharmacophore_and_VS_2022,
	title = {Drug design by pharmacophore and virtual screening approach},
	volume = {15},
	issn = {1424-8247},
	url = {https://www.ncbi.nlm.nih.gov/pmc/articles/PMC9145410/},
	doi = {10.3390/ph15050646},
	number = {5},
	urldate = {2023-10-02},
	journal = {Pharmaceuticals},
	author = {Giordano, Deborah and Biancaniello, Carmen and Argenio, Maria Antonia and Facchiano, Angelo},
	month = may,
	year = {2022},
	pmid = {35631472},
	pmcid = {PMC9145410},
	pages = {646},
}
@article{virtual_screening_2019,
	title = {The light and dark sides of virtual screening: what is there to know?},
	volume = {20},
	issn = {1422-0067},
	shorttitle = {The light and dark sides of virtual screening},
	url = {https://www.ncbi.nlm.nih.gov/pmc/articles/PMC6470506/},
	doi = {10.3390/ijms20061375},
	number = {6},
	urldate = {2023-10-02},
	journal = {International Journal of Molecular Sciences},
	author = {Gimeno, Aleix and Ojeda-Montes, María José and Tomás-Hernández, Sarah and Cereto-Massagué, Adrià and Beltrán-Debón, Raúl and Mulero, Miquel and Pujadas, Gerard and Garcia-Vallvé, Santiago},
	month = mar,
	year = {2019},
	pmid = {30893780},
	pmcid = {PMC6470506},
	pages = {1375},
}
@article{virtual_screening_2013,
	title = {Virtual screening strategies in drug discovery: a critical review},
	volume = {20},
	issn = {1875-533X},
	shorttitle = {Virtual screening strategies in drug discovery},
	doi = {10.2174/09298673113209990001},
	language = {eng},
	number = {23},
	journal = {Current Medicinal Chemistry},
	author = {Lavecchia, A. and Di Giovanni, C.},
	year = {2013},
	pmid = {23651302},
	keywords = {Drug Discovery, Drug Evaluation, Preclinical, Genomics, Humans, Ligands, Proteins},
	pages = {2839--2860},
}
@incollection{pharmacophore_modelling_2022,
	title = {Chapter 17 - {Pharmacophore} modelling and its applications},
	isbn = {9780323897754},
	url = {https://www.sciencedirect.com/science/article/pii/B9780323897754000092},
	urldate = {2023-10-02},
	booktitle = {Bioinformatics},
	publisher = {Academic Press},
	author = {Tyagi, Rashmi and Singh, Amisha and Chaudhary, Kamal Kumar and Yadav, Manoj Kumar},
	editor = {Singh, Dev Bukhsh and Pathak, Rajesh Kumar},
	month = jan,
	year = {2022},
	doi = {10.1016/B978-0-323-89775-4.00009-2},
	keywords = {Pharmacophore, drug design, virtual screening, machine learning, descriptors, drug designing, QSAR, ADMET},
	pages = {269--289},
}

%%%%%%%%%%%%%%%%%%%%%%%%%%%%%%%%%%%%%%%%%%%%%%%%%%%%%%%%%%%%%%%%%%%%%%%%%%%%%%%% INTRO) Physicochemical Properties of the Binding Sites
%%%%%%%%%%%%%%%%%%%%%%%%%%%%%%%%%%%%%%%% BINDING AFFINITY
@article{binding_affinity_2016,
	title = {Ligand-binding affinity estimates supported by quantum-mechanical methods},
	volume = {116},
	issn = {0009-2665, 1520-6890},
	url = {https://pubs.acs.org/doi/10.1021/acs.chemrev.5b00630},
	doi = {10.1021/acs.chemrev.5b00630},
	language = {en},
	number = {9},
	urldate = {2023-10-03},
	journal = {Chemical Reviews},
	author = {Ryde, Ulf and Söderhjelm, Pär},
	month = may,
	year = {2016},
	pages = {5520--5566},
}
@misc{binding_affinity_web,
	title = {Binding affinity {\textbar} malvern panalytical},
	url = {https://www.malvernpanalytical.com/en/products/measurement-type/binding-affinity},
	language = {en-US},
	urldate = {2023-10-03},
}

%%%%%%%%%%%%%%%%%%%%%%%%%%%%%%%%%%%%%%%% ELECTROSTATICS
@article{electrostatics_2020,
	title = {Dynamics of ionic interactions at protein–nucleic acid interfaces},
	volume = {53},
	issn = {0001-4842, 1520-4898},
	url = {https://pubs.acs.org/doi/10.1021/acs.accounts.0c00212},
	doi = {10.1021/acs.accounts.0c00212},
	language = {en},
	number = {9},
	urldate = {2023-10-03},
	journal = {Accounts of Chemical Research},
	author = {Yu, Binhan and Pettitt, B. Montgomery and Iwahara, Junji},
	month = sep,
	year = {2020},
	pages = {1802--1810},
}
@article{electrostatics_2019,
	title = {Electrostatic complementarity as a fast and effective tool to optimize binding and selectivity of protein–ligand complexes},
	volume = {62},
	issn = {0022-2623, 1520-4804},
	url = {https://pubs.acs.org/doi/10.1021/acs.jmedchem.8b01925},
	doi = {10.1021/acs.jmedchem.8b01925},
	language = {en},
	number = {6},
	urldate = {2023-10-03},
	journal = {Journal of Medicinal Chemistry},
	author = {Bauer, Matthias R. and Mackey, Mark D.},
	month = mar,
	year = {2019},
	pages = {3036--3050},
}
@incollection{apbs_2004,
	series = {Numerical {Computer} {Methods}, {Part} {D}},
	title = {Poisson–boltzmann methods for biomolecular electrostatics},
	volume = {383},
	url = {https://www.sciencedirect.com/science/article/pii/S0076687904830052},
	urldate = {2023-10-03},
	booktitle = {Methods in {Enzymology}},
	publisher = {Academic Press},
	author = {Baker, Nathan A.},
	month = jan,
	year = {2004},
	doi = {10.1016/S0076-6879(04)83005-2},
	pages = {94--118},
}
@article{apbs_2018,
	title = {Improvements to the APBS biomolecular solvation software suite},
	volume = {27},
	issn = {0961-8368, 1469-896X},
	shorttitle = {Improvements to the APBS},
	url = {https://onlinelibrary.wiley.com/doi/10.1002/pro.3280},
	doi = {10.1002/pro.3280},
	language = {en},
	number = {1},
	urldate = {2023-10-03},
	journal = {Protein Science},
	author = {Jurrus, Elizabeth and Engel, Dave and Star, Keith and Monson, Kyle and Brandi, Juan and Felberg, Lisa E. and Brookes, David H. and Wilson, Leighton and Chen, Jiahui and Liles, Karina and Chun, Minju and Li, Peter and Gohara, David W. and Dolinsky, Todd and Konecny, Robert and Koes, David R. and Nielsen, Jens Erik and Head‐Gordon, Teresa and Geng, Weihua and Krasny, Robert and Wei, Guo‐Wei and Holst, Michael J. and McCammon, J. Andrew and Baker, Nathan A.},
	month = jan,
	year = {2018},
	pages = {112--128},
}
@misc{apbs_web,
	title = {APBS - adaptive poisson-boltzmann solver — apbs 3. 4. 1 documentation},
	url = {https://apbs.readthedocs.io/en/latest/},
	urldate = {2023-10-03},
}
@article{umol_apbs_2020,
	title = {Visualizing biomolecular electrostatics in virtual reality with {UnityMol}‐{APBS}},
	volume = {29},
	issn = {0961-8368, 1469-896X},
	url = {https://onlinelibrary.wiley.com/doi/10.1002/pro.3773},
	doi = {10.1002/pro.3773},
	language = {en},
	number = {1},
	urldate = {2023-10-12},
	journal = {Protein Science},
	author = {Laureanti, Joseph and Brandi, Juan and Offor, Elvis and Engel, David and Rallo, Robert and Ginovska, Bojana and Martinez, Xavier and Baaden, Marc and Baker, Nathan A.},
	month = jan,
	year = {2020},
	pages = {237--246},
}

%%%%%%%%%%%%%%%%%%%%%%%%%%%%%%%%%%%%%%%% STACKING
@article{stacking_binding_2020,
	title = {Stacked – solvation theory of aromatic complexes as key for estimating drug binding},
	volume = {60},
	issn = {1549-9596, 1549-960X},
	url = {https://pubs.acs.org/doi/10.1021/acs.jcim.9b01165},
	doi = {10.1021/acs.jcim.9b01165},
	language = {en},
	number = {4},
	urldate = {2023-10-03},
	journal = {Journal of Chemical Information and modelling},
	author = {Loeffler, Johannes R. and Fernández-Quintero, Monica L. and Schauperl, Michael and Liedl, Klaus R.},
	month = apr,
	year = {2020},
	pages = {2304--2313},
}
@article{stacking_trp_2022,
	title = {The role of tryptophan in $\pi$ interactions in proteins: an experimental approach},
	volume = {144},
	issn = {0002-7863, 1520-5126},
	shorttitle = {The role of tryptophan in $\pi$ interactions in proteins},
	url = {https://pubs.acs.org/doi/10.1021/jacs.2c04986},
	doi = {10.1021/jacs.2c04986},
	language = {en},
	number = {30},
	urldate = {2023-10-03},
	journal = {Journal of the American Chemical Society},
	author = {Shao, Jinfeng and Kuiper, Bastiaan P. and Thunnissen, Andy-Mark W. H. and Cool, Robbert H. and Zhou, Liang and Huang, Chenxi and Dijkstra, Bauke W. and Broos, Jaap},
	month = aug,
	year = {2022},
	pages = {13815--13822},
}
@article{stacking_general_2020,
	title = {Reinterpreting $\pi$-stacking},
	volume = {22},
	issn = {1463-9084},
	url = {https://pubs.rsc.org/en/content/articlelanding/2020/cp/d0cp05039c},
	doi = {10.1039/D0CP05039C},
	language = {en},
	number = {43},
	urldate = {2023-10-03},
	journal = {Physical Chemistry Chemical Physics},
	author = {Carter-Fenk, Kevin and Herbert, John M.},
	month = nov,
	year = {2020},
	pages = {24870--24886},
}
@article{rna_2015,
	title = {Coarse-grained hire-rna model for ab initio rna folding beyond simple molecules, including noncanonical and multiple base pairings},
	volume = {11},
	issn = {1549-9618, 1549-9626},
	url = {https://pubs.acs.org/doi/10.1021/acs.jctc.5b00200},
	doi = {10.1021/acs.jctc.5b00200},
	language = {en},
	number = {7},
	urldate = {2023-10-03},
	journal = {Journal of Chemical Theory and Computation},
	author = {Cragnolini, Tristan and Laurin, Yoann and Derreumaux, Philippe and Pasquali, Samuela},
	month = jul,
	year = {2015},
	pages = {3510--3522},
}
@article{aromatic_2018,
	title = {Aromatic interactions at the ligand-protein interface: {Implications} for the development of docking scoring functions},
	volume = {91},
	issn = {1747-0277},
	shorttitle = {Aromatic interactions at the ligand-protein interface},
	url = {https://www.ncbi.nlm.nih.gov/pmc/articles/PMC5818208/},
	doi = {10.1111/cbdd.13084},
	number = {2},
	urldate = {2023-10-09},
	journal = {Chemical biology \& drug design},
	author = {Brylinski, Michal},
	month = feb,
	year = {2018},
	pmid = {28816025},
	pmcid = {PMC5818208},
	pages = {380--390},
}

%%%%%%%%%%%%%%%%%%%%%%%%%%%%%%%%%%%%%%%% HBONDS
@article{hbonds_2023,
	title = {Quantum mechanical assessment of protein–ligand hydrogen bond strength patterns: insights from semiempirical tight-binding and local vibrational mode theory},
	volume = {24},
	copyright = {http://creativecommons.org/licenses/by/3.0/},
	issn = {1422-0067},
	shorttitle = {Quantum mechanical assessment of protein–ligand hydrogen bond strength patterns},
	url = {https://www.mdpi.com/1422-0067/24/7/6311},
	doi = {10.3390/ijms24076311},
	language = {en},
	number = {7},
	urldate = {2023-10-03},
	journal = {International Journal of Molecular Sciences},
	author = {Madushanka, Ayesh and Moura, Renaldo T. and Verma, Niraj and Kraka, Elfi},
	month = jan,
	year = {2023},
	keywords = {hydrogen bonds, hydrogen bond patterns, protein–ligand interaction, semiempirical quantum chemistry, XTB, local mode analysis},
	pages = {6311},
}

%%%%%%%%%%%%%%%%%%%%%%%%%%%%%%%%%%%%%%%% HYDROPHOBIC
@article{hydrophobic_2017,
	title = {How nothing boosts affinity: hydrophobic ligand binding to the virtually vacated $S_1'$ pocket of thermolysin},
	volume = {139},
	issn = {0002-7863, 1520-5126},
	shorttitle = {How nothing boosts affinity},
	url = {https://pubs.acs.org/doi/10.1021/jacs.7b05028},
	doi = {10.1021/jacs.7b05028},
	language = {en},
	number = {30},
	urldate = {2023-10-03},
	journal = {Journal of the American Chemical Society},
	author = {Krimmer, Stefan G. and Cramer, Jonathan and Schiebel, Johannes and Heine, Andreas and Klebe, Gerhard},
	month = aug,
	year = {2017},
	pages = {10419--10431},
}
@article{hydrophobic_2022,
	title = {The relationship between hydrophobicity and drug-protein binding in human serum albumin: a quartz crystal microbalance study},
	volume = {2},
	copyright = {http://creativecommons.org/licenses/by/3.0/},
	issn = {2673-4125},
	shorttitle = {The relationship between hydrophobicity and drug-protein binding in human serum albumin},
	url = {https://www.mdpi.com/2673-4125/2/2/12},
	doi = {10.3390/biophysica2020012},
	language = {en},
	number = {2},
	urldate = {2023-10-03},
	journal = {Biophysica},
	author = {Alhankawi, Ahmad R. and Al-Husseini, Jacob K. and Spindler, Archie and Baker, Clark and Shoniwa, Tonderai T. and Ahmed, Mohammed and Chiarelli, Peter A. and Johal, Malkiat S.},
	month = jun,
	year = {2022},
	keywords = {QCM-D, hydrophobicity, ligand, binding, HSA, BSA},
	pages = {113--120},
}

%%%%%%%%%%%%%%%%%%%%%%%%%%%%%%%%%%%%%%%%%%%%%%%%%%%%%%%%%%%%%%%%%%%%%%%%%%%%%%%% INTRO) Molecular Visualization
%%%%%%%%%%%%%%%%%%%%%%%%%%%%%%%%%%%%%%%% Molecular Visualization Software
@article{visualization_2018,
	title = {Perspectives on structural molecular biology visualization: from past to present},
	volume = {430},
	issn = {0022-2836},
	shorttitle = {Perspectives on structural molecular biology visualization},
	url = {https://www.ncbi.nlm.nih.gov/pmc/articles/PMC6186497/},
	doi = {10.1016/j.jmb.2018.07.009},
	number = {21},
	urldate = {2023-10-04},
	journal = {Journal of molecular biology},
	author = {Olson, Arthur J.},
	month = oct,
	year = {2018},
	pmid = {30009769},
	pmcid = {PMC6186497},
	pages = {3997--4012},
}
@article{vmd_96,
  author={William Humphrey and Andrew Dalke and Klaus Schulten},
  title={{VMD} -- {V}isual {M}olecular {D}ynamics},
  journal={Journal of Molecular Graphics},
  year=1996,
  volume=14,
  pages={33-38},
  note={},
  tbstatus={Published.},
  techrep={},
  tbreference={222}
}
@misc{visualization_web,
	title = {Molecular graphics software},
	url = {https://www.rcsb.org/docs/additional-resources/molecular-graphics-software},
	language = {en-US},
	urldate = {2023-10-04},
	author = {RCSB Protein Data Bank},
}
@inproceedings{unitymol_2015,
	address = {Arles, France},
	title = {{UnityMol}: interactive and ludic visual manipulation of coarse-grained {RNA} and other biomolecules},
	isbn = {9781467369268},
	shorttitle = {Unitymol},
	url = {http://ieeexplore.ieee.org/document/7151718/},
	doi = {10.1109/VARMS.2015.7151718},
	urldate = {2023-10-04},
	booktitle = {2015 {IEEE} 1st {International} {Workshop} on {Virtual} and {Augmented} {Reality} for {Molecular} {Science} ({VARMS}@{IEEEVR})},
	publisher = {IEEE},
	author = {Doutreligne, Sebastien and Gageat, Cedric and Cragnolini, Tristan and Taly, Antoine and Pasquali, Samuela and Derreumaux, Philippe and Baaden, Marc},
	month = mar,
	year = {2015},
	pages = {1--6},
}
@misc{unitymol_web,
	title = {UnityMol},
	url = {http://www.baaden.ibpc.fr/umol/},
	urldate = {2023-10-04},
	author = {Baaden, M.},
}
@article{unity_2014,
  title={A history of the unity game engine},
  author={Haas, John K},
  year={2014},
  publisher={Worcester Polytechnic Institute},
	journal={.}
}

%%%%%%%%%%%%%%%%%%%%%%%%%%%%%%%%%%%%%%%% Visualization of the physicochemical properties
@article{representations_2021,
	title = {Analysing structural data to explore the function of an essential bacterial protein foldase},
	volume = {43},
	issn = {0954-982X, 1740-1194},
	url = {https://portlandpress.com/biochemist/article/43/5/90/229860/Analysing-structural-data-to-explore-the-function},
	doi = {10.1042/bio_2021_166},
	language = {en},
	number = {5},
	urldate = {2023-10-04},
	journal = {The Biochemist},
	author = {Haysom, Samuel F.},
	month = oct,
	year = {2021},
	pages = {90--96},
}
@article{representations_2018,
	title = {From protein features to sensing surfaces},
	volume = {18},
	copyright = {http://creativecommons.org/licenses/by/3.0/},
	issn = {1424-8220},
	url = {https://www.mdpi.com/1424-8220/18/4/1204},
	doi = {10.3390/s18041204},
	language = {en},
	number = {4},
	urldate = {2023-10-04},
	journal = {Sensors},
	author = {Faccio, Greta},
	month = apr,
	year = {2018},
	keywords = {surface functionalization, biosensor functionalization, protein immobilization, protein structure analysis, protein immobilization},
	pages = {1204},
}
@misc{representations_web,
	title = {Molecular Representations},
	url = {https://nglviewer.org/ngl/api/manual/usage/molecular-representations.html},
	urldate = {2023-10-04},
	author = {NGL Viewer},
}
@misc{isosurfaces_web,
	title = {Isosurface},
	url = {https://svi.nl/Isosurface},
	language = {en},
	urldate = {2023-10-04},
	journal = {Scientific Volume Imaging},
}

%%%%%%%%%%%%%%%%%%%%%%%%%%%%%%%%%%%%%%%%%%%%%%%%%%%%%%%%%%%%%%%%%%%%%%%%%%%%%%%% INTRO) Methods
%%%%%%%%%%%%%%%%%%%%%%%%%%%%%%%%%%%%%%%% Computational environments
@book{python_2009,
 author = {Van Rossum, Guido and Drake, Fred L.},
 title = {Python 3 Reference Manual},
 year = {2009},
 isbn = {1441412697},
 publisher = {CreateSpace},
 address = {Scotts Valley, CA}
}
@article{python_2021,
	title = {Research on python data visualization technology},
	volume = {1757},
	issn = {1742-6588, 1742-6596},
	url = {https://iopscience.iop.org/article/10.1088/1742-6596/1757/1/012122},
	doi = {10.1088/1742-6596/1757/1/012122},
	number = {1},
	urldate = {2023-10-10},
	journal = {Journal of Physics: Conference Series},
	author = {Cao, Shengjia and Zeng, Yunhan and Yang, Shangru and Cao, Songlin},
	month = jan,
	year = {2021},
	pages = {012122},
}
@article{numpy_2020,
 title = {Array programming with {NumPy}},
 year = {2020},
 month = sep,
 journal = {Nature},
 volume = {585},
 number = {7825},
 pages = {357--362},
 doi = {10.1038/s41586-020-2649-2},
 publisher = {Springer Science and Business Media {LLC}},
 url = {2},
 author = {Harris, Charles R. and Millman, K. Jarrod and van der Walt, Stéfan J. and Gommers, Ralf and Virtanen, Pauli and Cournapeau, David and Wieser, Eric and Taylor, Julian and Berg, Sebastian and Smith, Nathaniel J. and Kern, Robert and Picus, Matti and Hoyer, Stephan and van Kerkwijk, Marten H. and Brett, Matthew and Haldane, Allan and del Río, Jaime Fernández and Wiebe, Mark and Peterson, Pearu and Gérard-Marchant, Pierre and Sheppard, Kevin and Reddy, Tyler and Weckesser, Warren and Abbasi, Hameer and Gohlke, Christoph and Oliphant, Travis E.}
}
@misc{pandas_2020,
    author       = {The pandas development team},
    title        = {pandas-dev/pandas: Pandas},
    month        = feb,
    year         = 2020,
    publisher    = {Zenodo},
    version      = {latest},
    doi          = {10.5281/zenodo.3509134},
    url          = {https://doi.org/10.5281/zenodo.3509134}
}
@article{mda_2016,
	title = {MDAnalysis: A Python Package for the Rapid Analysis of Molecular Dynamics Simulations},
	author = {Gowers, Richard J. and Linke, Max and Barnoud, Jonathan and Reddy, Tyler John Edward and Melo, Manuel N. and Seyler, Sean L. and Domanski, Jan and Dotson, David L. and Buchoux, Sebastien and Kenney, Ian M. and Beckstein, Oliver},
	abstractNote = {},
	doi = {10.25080/Majora-629e541a-00e},
	url = {https://www.osti.gov/biblio/1565806},
	issn = {2575--9752},
	journal = {.},
	number = {},
	volume = {},
	place = {United States},
	year = {2019},
	month = {9}
}
@article{mda_2011,
	title = {{MDAnalysis}: {A} toolkit for the analysis of molecular dynamics simulations},
	volume = {32},
	issn = {01928651},
	shorttitle = {Mdanalysis},
	url = {https://onlinelibrary.wiley.com/doi/10.1002/jcc.21787},
	doi = {10.1002/jcc.21787},
	language = {en},
	number = {10},
	urldate = {2023-10-09},
	journal = {Journal of Computational Chemistry},
	author = {Michaud-Agrawal, Naveen and Denning, Elizabeth J. and Woolf, Thomas B. and Beckstein, Oliver},
	month = jul,
	year = {2011},
	pages = {2319--2327},
}
@misc{json_web,
	title = {Json},
	url = {https://www.json.org/json-en.html},
	urldate = {2023-10-05},
}
@misc{opendx_web,
	title = {{OpenDX} scalar data format},
	url = {https://ics.uci.edu/~dock/manuals/apbs/html/user-guide/x2674.html},
	urldate = {2023-10-05},
}

%%%%%%%%%%%%%%%%%%%%%%%%%%%%%%%%%%%%%%%% Characterization of Physicochemical Properties
@article{pdb_2003,
	title = {Announcing the worldwide protein data bank},
	volume = {10},
	issn = {1545-9993, 1545-9985},
	url = {https://www.nature.com/articles/nsb1203-980},
	doi = {10.1038/nsb1203-980},
	language = {en},
	number = {12},
	urldate = {2023-10-09},
	journal = {Nature Structural \& Molecular Biology},
	author = {Berman, Helen and Henrick, Kim and Nakamura, Haruki},
	month = dec,
	year = {2003},
	pages = {980--980},
}
@misc{hydrophobic_scale_web,
	url = {https://resources.qiagenbioinformatics.com/manuals/clcgenomicsworkbench/650/Hydrophobicity_scales.html},
	urldate = {2023-10-10},
}
@article{hydrophobic_scale_1982,
	title = {A simple method for displaying the hydropathic character of a protein},
	volume = {157},
	issn = {00222836},
	url = {https://linkinghub.elsevier.com/retrieve/pii/0022283682905150},
	doi = {10.1016/0022-2836(82)90515-0},
	language = {en},
	number = {1},
	urldate = {2023-10-10},
	journal = {Journal of Molecular Biology},
	author = {Kyte, Jack and Doolittle, Russell F.},
	month = may,
	year = {1982},
	pages = {105--132},
}

%%%%%%%%%%%%%%%%%%%%%%%%%%%%%%%%%%%%%%%% Benchmarking
@article{hariboss_2022,
title = {{HARIBOSS}: a curated database of {RNA}-small molecules structures to aid rational drug design},
volume = {38},
issn = {1367-4803, 1367-4811},
shorttitle = {Hariboss},
url = {https://academic.oup.com/bioinformatics/article/38/17/4185/6633309},
doi = {10.1093/bioinformatics/btac483},
language = {en},
number = {17},
urldate = {2023-09-28},
journal = {Bioinformatics},
author = {Panei, F P and Torchet, R and Ménager, H and Gkeka, P and Bonomi, M},
editor = {Robinson, Peter},
month = sep,
year = {2022},
pages = {4185--4193},
}
@article{plip_2021,
	title = {{PLIP} 2021: expanding the scope of the protein–ligand interaction profiler to {DNA} and {RNA}},
	volume = {49},
	issn = {0305-1048, 1362-4962},
	shorttitle = {{PLIP} 2021},
	url = {https://academic.oup.com/nar/article/49/W1/W530/6266421},
	doi = {10.1093/nar/gkab294},
	language = {en},
	number = {W1},
	urldate = {2023-11-11},
	journal = {Nucleic Acids Research},
	author = {Adasme, Melissa F and Linnemann, Katja L and Bolz, Sarah Naomi and Kaiser, Florian and Salentin, Sebastian and Haupt, V Joachim and Schroeder, Michael},
	month = jul,
	year = {2021},
	pages = {W530--W534},
}
@article{benchmark_negative_2000,
	title = {A conserved negatively charged cluster in the active site of creatine kinase is critical for enzymatic activity*},
	volume = {275},
	issn = {0021-9258},
	url = {https://www.sciencedirect.com/science/article/pii/S0021925819614845},
	doi = {10.1016/S0021-9258(19)61484-5},
	number = {35},
	urldate = {2023-10-12},
	journal = {Journal of Biological Chemistry},
	author = {Eder, Michael and Stolz, Martin and Wallimann, Theo and Schlattner, Uwe},
	month = sep,
	year = {2000},
	pages = {27094--27099},
}
@article{benchmark_strong_2021,
	title = {Binding affinity prediction for protein–ligand complex using deep attention mechanism based on intermolecular interactions},
	volume = {22},
	issn = {1471-2105},
	url = {https://doi.org/10.1186/s12859-021-04466-0},
	doi = {10.1186/s12859-021-04466-0},
	number = {1},
	urldate = {2023-10-12},
	journal = {BMC Bioinformatics},
	author = {Seo, Sangmin and Choi, Jonghwan and Park, Sanghyun and Ahn, Jaegyoon},
	month = nov,
	year = {2021},
	keywords = {Structure-based drug design, Protein–ligand complex, Binding affinity, Attention mechanism},
	pages = {542},
}
@article{benchmark_positive_2001,
	title = {A positively charged cluster formed in the heme-distal pocket of cytochrome p450nor is essential for interaction with nadh*},
	volume = {276},
	issn = {0021-9258},
	url = {https://www.sciencedirect.com/science/article/pii/S0021925818463077},
	doi = {10.1074/jbc.M007244200},
	number = {7},
	urldate = {2023-10-12},
	journal = {Journal of Biological Chemistry},
	author = {Kudo, Takashi and Takaya, Naoki and Park, Sam-Yong and Shiro, Yoshitsugu and Shoun, Hirofumi},
	month = feb,
	year = {2001},
	pages = {5020--5026},
}
@article{benchmark_1h7l_2001,
	title = {Three-dimensional structures of the {Mn} and {Mg} {dTDP} complexes of the family {GT}-2 glycosyltransferase {SpsA}: a comparison with related {NDP}-sugar {glycosyltransferases11Edited} by {R}. {Huber}},
	volume = {314},
	issn = {0022-2836},
	shorttitle = {Three-dimensional structures of the {Mn} and {Mg} {dTDP} complexes of the family {GT}-2 glycosyltransferase {SpsA}},
	url = {https://www.sciencedirect.com/science/article/pii/S0022283601951599},
	doi = {10.1006/jmbi.2001.5159},
	number = {4},
	urldate = {2023-10-12},
	journal = {Journal of Molecular Biology},
	author = {Tarbouriech, Nicolas and Charnock, Simon J and Davies, Gideon J},
	month = dec,
	year = {2001},
	keywords = {glycosyltransferase, cellulose synthase, catalysis, inversion},
	pages = {655--661},
}
@article{benchmark_hydrophobic_2009,
	title = {A \textit{{Mycobacterium} tuberculosis} ligand-binding {Mn}/{Fe} protein reveals a new cofactor in a remodelled {R2}-protein scaffold},
	volume = {106},
	issn = {0027-8424, 1091-6490},
	url = {https://pnas.org/doi/full/10.1073/pnas.0812971106},
	doi = {10.1073/pnas.0812971106},
	language = {en},
	number = {14},
	urldate = {2023-10-12},
	journal = {Proceedings of the National Academy of Sciences},
	author = {Andersson, Charlotta S. and Högbom, Martin},
	month = apr,
	year = {2009},
	pages = {5633--5638},
}
@article{benchmark_6e9a_2018,
	title = {Design and synthesis of potent hiv-1 protease inhibitors containing bicyclic oxazolidinone scaffold as the p2 ligands: structure–activity studies and biological and x-ray structural studies},
	volume = {61},
	issn = {0022-2623, 1520-4804},
	shorttitle = {Design and synthesis of potent hiv-1 protease inhibitors containing bicyclic oxazolidinone scaffold as the p2 ligands},
	url = {https://pubs.acs.org/doi/10.1021/acs.jmedchem.8b01227},
	doi = {10.1021/acs.jmedchem.8b01227},
	language = {en},
	number = {21},
	urldate = {2023-11-30},
	journal = {Journal of Medicinal Chemistry},
	author = {Ghosh, Arun K. and Williams, Jacqueline N. and Ho, Rachel Y. and Simpson, Hannah M. and Hattori, Shin-ichiro and Hayashi, Hironori and Agniswamy, Johnson and Wang, Yuan-Fang and Weber, Irene T. and Mitsuya, Hiroaki},
	month = nov,
	year = {2018},
	pages = {9722--9737},
}
@article{pdbbind_2004,
	title = {The pdbbind database: collection of binding affinities for protein-ligand complexes with known three-dimensional structures},
	volume = {47},
	issn = {0022-2623, 1520-4804},
	shorttitle = {The pdbbind database},
	url = {https://pubs.acs.org/doi/10.1021/jm030580l},
	doi = {10.1021/jm030580l},
	language = {en},
	number = {12},
	urldate = {2023-10-12},
	journal = {Journal of Medicinal Chemistry},
	author = {Wang, Renxiao and Fang, Xueliang and Lu, Yipin and Wang, Shaomeng},
	month = jun,
	year = {2004},
	pages = {2977--2980},
}


%%%%%%%%%%%%%%%%%%%%%%%%%%%%%%%%%%%%%%%%%%%%%%%%%%%%%%%%%%%%%%%%%%%%%%%%%%%%%%%%
